2458 3088
58 319 61 323 ”
84 295 294 371 pretatio.
329 341 381 347 —
415 332 450 357 v.
485 322 522 357 4.
561 321 626 359 Sic
653 320 794 365 Βοιιιὶιι
818 326 963 369 spretus
997 334 1022 359 a
1046 322 1167 359 Bentl.
1189 323 1238 359 ob
1263 322 1450 359 frustra
1475 322 1514 359 in
1535 322 1630 376 thesi
1657 322 1881 369 depressum.
1944 322 2081 369 Merito
2102 334 2127 360 a
2150 321 2311 375 Bentleii

120 394 259 432 iudicio
299 380 476 430 discessit:
493 395 652 431 Bitsch.
668 395 775 442 proll.
813 408 851 457 p.
878 396 964 431 119.
989 414 1042 421 --
1068 406 1103 429 v.
1131 396 1153 430 5
1182 406 1230 430 es
1256 393 1378 437 Bentl.
1405 393 1564 429 coniecit
1588 394 1698 430 simul
1730 399 1775 429 et
1804 406 1922 444 puer
1953 395 2117 432 scribens
2143 395 2310 450 neglecto

108 481 159 506 Ὶιι
185 473 318 506 satur
341 468 537 516 positione.
601 468 710 505 Eris
741 469 836 514 libri,
877 469 979 516 quod
1004 468 1070 504 vix
1096 468 1149 504 sic
1175 473 1300 515 tueare
1327 478 1410 504 cum
1435 467 1587 504 Lachm-
1614 468 1653 503 in
1675 467 1786 504 Lucr.
1812 480 1849 515 p.
1879 470 1974 505 1292
1999 468 2133 506 ebria
2157 469 2233 514 ffi‘,
2269 481 2308 516 p.

64 568 66 573 s
118 555 155 580 u.
182 553 213 579 s.
240 541 265 578 f.
292 561 344 570 —-
370 553 406 578 v.
434 542 456 578 6
481 540 543 580 Sic
570 541 711 587 Bemb„
751 546 790 578 at
814 541 936 579 Bentl.
959 553 1007 579 se
1031 543 1225 590 primum
1252 541 1320 578 ait
1345 541 1488 595 scire,
1528 549 1581 578 se
1603 547 1751 590 praeter
1779 542 1969 579 rationem
1983 553 2229 596 prernens.
2254 563 2308 571 —

112 619 153 654 ⁴7.
193 617 257 655 Sic
278 617 405 665 ,plane
426 615 591 662 Remu,
631 623 668 663 et
690 617 775 653 *arti
816 616 1040 653 conveniens
1084 621 1158 662 est,
1200 628 1319 661 sese,
1358 620 1453 663 quae
1475 616 1525 653 sit
1548 615 1723 664 primaria
1747 616 1869 662 notio,
1908 616 2065 665 primum
2087 616 2211 654 locum
2235 615 2307 654 sibi

40 741 43 743 -
97 682 311 735 'vindicam
336 701 489 726 senem
514 692 700 738 postponi,
727 692 766 726 in
785 703 859 737 quo
886 688 1105 731 secundaria
1130 691 1332 726 sententiae
1357 690 1563 737 vis'posita
1587 691 1646 726 sit.
1672 709 1726 717 —-
1750 702 1787 728 v.
1815 692 1839 726 8
1866 690 1929 744 Sic
1951 690 2037 726 libri
2058 690 2139 729 im
2166 700 2305 735 omes,

46 802 49 804 .
73 788 83 793 -
112 765 162 801 de
189 765 322 812 quibus
349 776 444 810 quae
470 765 637 801 Faernus
664 770 818 802 testatur
843 777 1036 812 perperam
1062 765 1242 800 intellexit
1274 764 1456 800 Ritterus:
1495 776 1580 800 nam
1618 765 1657 799 in
1684 765 1781 800 illius
1809 775 1958 811 quoque
1983 764 2087 800 libris
2113 775 2305 813 ugos-em

113 838 366 886 praeponitur.
418 822 554 885 Neque
580 837 703 873 scies
732 828 816 873 cum
833 837 954 873 Bentl.
981 837 1147 885 praefero
1177 837 1349 873 codicum
1376 833 1580 885 scripturae
1605 837 1724 874 scio:
1751 837 1882 874 Davus
1910 837 2021 882 enim,
2043 837 2238 884 magnifiee
2262 849 2303 877 se

70 922 73 925 ’
114 910 275 946 inferens
302 916 344 946 ut
373 910 436 957 qui
462 910 696 958 Pamphilum
722 911 858 958 gaudio
887 910 1098 958 expleturus
1138 916 1246 956 esset,
1285 910 1415 947 ludens
1449 912 1520 947 hac
1545 921 1640 948 voce
1666 917 1850 959 saepeque
1877 916 1958 947 eam
1984 921 2048 947 ero
2076 910 2303 959 ogganniens

115 972 375 1020 confidentiam
402 996 506 1019 suam
535 986 707 1028 ostendit,
734 986 819 1019 vide
847 996 881 1019 v.
911 987 932 1019 9
963 986 1052 1030 quid
1077 986 1205 1020 timeas
1232 977 1355 1029 scio,
1380 996 1415 1020 v.
1446 986 1492 1019 10
1521 991 1557 1020 et
1583 985 1672 1031 quid
1698 990 1739 1020 tu
1763 985 1885 1030 scio,
1922 996 1958 1020 v.
1986 986 2031 1020 11
2060 989 2099 1020 et
2124 983 2157 1018 si
2177 982 2301 1032 ,⁸61OE

114 1055 242 1093 eadem
269 1057 540 1103 magnificentia
562 1058 769 1093 declaratur
795 1057 1002 1103 praefracta
1028 1057 1216 1100 brevitate,
1252 1068 1327 1102 qua
1352 1068 1387 1091 v,
1419 1058 1465 1091 15
1493 1057 1645 1091 libero
1671 1057 1859 1102 gloriatur.
1885 1077 1937 1084 —
1963 1069 1999 1093 v.
2027 1059 2049 1092 9
2087 1067 2176 1101 uno
2205 1057 2302 1092 dele·

113 1128 177 1179 yit,
205 1129 279 1165 illi
305 1124 391 1176 post
418 1128 550 1164 oculi
576 1128 741 1164 inseruit.

361 1203 463 1233 Andr.
481 1203 523 1242 11,
545 1199 578 1242 2,
591 1181 621 1232 2
642 1203 695 1232 ‘Ut
715 1206 843 1242 metum,
866 1203 897 1231 in
920 1209 982 1238 quo
1004 1199 1086 1232 mine
1108 1206 1167 1241 est,
1191 1202 1324 1231 adimam
1347 1205 1442 1238 atque
1464 1199 1606 1239 expleam
1627 1202 1764 1232 animum
1787 1200 1928 1242 gaudio?

112 1264 233 1301 Bentl.
261 1277 308 1302 ne
334 1272 501 1303 metum
527 1272 645 1303 totum
671 1267 709 1302 in
730 1267 1028 1310 thesisubsidat,
1055 1269 1105 1301 ut
1130 1269 1293 1302 mettim
1322 1277 1409 1313 quo
1436 1266 1483 1301 in
1509 1279 1544 1302 n.
1573 1278 1604 1302 e.
1632 1267 1793 1314 scripsit,
1820 1268 1887 1303 sed
1914 1278 2004 1314 quo
2030 1267 2077 1303 in
2104 1278 2179 1303 ιιοιι
2196 1267 2300 1307 vide·

113 1343 174 1375 tur
195 1340 333 1376 dictum
360 1319 452 1386 esse,
479 1353 599 1387 neque
625 1341 664 1376 in
692 1340 839 1378 Cureul.
864 1353 973 1376 versu
995 1353 1019 1376 a
1043 1340 1163 1376 Bentl.
1192 1341 1302 1376 allato
1331 1341 1405 1376 467
1433 1341 1565 1387 legitur
1590 1341 1696 1376 loeo
1725 1353 1813 1388 quo
1837 1341 1900 1386 in,
1928 1342 1995 1378 sed
2021 1341 2123 1388 qnod
2151 1347 2209 1377 est
2234 1342 2298 1378 tri-

112 1414 294 1449 tissimum
321 1425 424 1459 squo
452 1413 496 1447 in
532 1413 650 1447 loco.
704 1412 1026 1457 Praepositionum
1067 1412 1311 1457 anastrophae
1347 1410 1409 1458 (de
1442 1422 1541 1446 cum
1567 1413 1748 1458 particula
1775 1413 1900 1448 dicere
1925 1414 2166 1461 supersedeo)
2204 1415 2299 1459 haec

111 1486 236 1522 inveni
262 1486 361 1533 apud
388 1485 553 1522 comicos
581 1486 765 1532 exempla:
801 1486 954 1521 Penes
982 1485 1094 1520 semel
1120 1485 1220 1532 apud
1253 1485 1402 1527 Terent.
1435 1485 1529 1521 Hec.
1556 1485 1627 1530 IV,
1669 1488 1702 1530 1,
1742 1486 1803 1530 20,
1841 1487 1978 1533 septies
1999 1487 2100 1540 apud
2125 1487 2299 1524 Plautum

113 1559 218 1607 (Aul.
245 1558 315 1606 IV,
345 1561 380 1604 4,
411 1561 470 1595 27.
498 1560 635 1606 Amph.
665 1560 750 1596 653.
779 1560 883 1595 Trin.
912 1560 999 1596 822.
1032 1560 1142 1594 1146.
1170 1559 1280 1594 Truc.
1308 1558 1340 1603 1,
1372 1560 1404 1603 1,
1432 1560 1467 1594 4.
1493 1558 1564 1603 IV,
1589 1561 1624 1603 4,
1658 1560 1680 1595 5
1726 1558 1806 1607 [ubi
1833 1565 2002 1606 penest
2024 1561 2179 1597 iunctim
2205 1562 2297 1613 scri-

60 1664 64 1673 .
111 1631 288 1681 bendum]
318 1633 436 1668 Poen.
464 1633 529 1677 V„
544 1635 579 1676 4,
612 1634 698 1679 15*)
727 1624 989 1679 antistropham
1016 1631 1166 1678 patitur.
1218 1631 1349 1667 Inter
1376 1632 1486 1668 semel
1505 1633 1606 1680 apud
1623 1632 1796 1669 Plautum
1814 1632 1930 1669 Mero.
1959 1634 2046 1678 752,
2073 1635 2303 1690 ιιεογρξιιιξίρε
2339 1670 2344 1674 ,

111 1717 196 1751 per
223 1701 358 1752 (Poen.
384 1707 477 1753 prol.
510 1709 586 1752 13),
612 1719 694 1753 pro
717 1707 824 1741 Asin.
857 1707 944 1749 397,
969 1706 1217 1741 secundum
1245 1705 1340 1748 (Mil.
1365 1704 1427 1741 Gl.
1447 1707 1544 1741 1349
1573 1717 1642 1741 nos
1666 1706 1864 1742 secundum
1882 1707 1906 1741 i.
1925 1718 1957 1743 e.
1984 1705 2100 1755 biutet
2116 1711 2189 1747 1111ss
2206 1706 2308 1759 bet),-

111 1779 169 1813 ad
194 1779 372 1814 Bacchid.
404 1780 488 1822 176,
515 1780 746 1813 advorsus
773 1774 821 1812 ib.
855 1779 939 1820 127,
965 1778 1022 1812 bis
1048 1778 1101 1812 ab
1126 1777 1247 1822 (Asin.
1281 1778 1366 1811 119.
1394 1777 1473 1814 Mil.
1502 1777 1564 1812 Gl.
1597 1777 1725 1823 1047),
1753 1789 1808 1812 ex
1836 1778 1963 1824 (Epid.
1980 1778 2034 1822 11,
2065 1782 2097 1823 l,
2125 1781 2159 1815 5.
2186 1781 2295 1816 Asin.

114 1850 201 1895 765,
230 1857 360 1897 quater
385 1857 583 1898 propter
612 1851 723 1897 (Rud.
752 1851 838 1885 496.
866 1850 1008 1885 Bacch.
1040 1849 1177 1883 10321
1201 1848 1288 1884 Aul.
1311 1847 1383 1892 IV,
1416 1849 1474 1892 10,
1503 1850 1563 1884 56.
1600 1849 1700 1883 Trin.
1736 1851 1846 1894 1164,
1886 1863 1971 1886 nam
1998 1852 2078 1887 Mil.
2104 1852 2166 1889 Gl.
2198 1854 2295 1898 1086

111 1923 253 1960 Ritseh.
280 1929 477 1972 propter
505 1935 636 1971 quam
664 1923 792 1971 dedit).
846 1923 917 1958 Me
940 1928 1131 1970 propter
1158 1934 1205 1958 ex
1230 1922 1323 1958 Hec.
1351 1921 1400 1966 V,
1431 1923 1465 1966 3,
1495 1923 1542 1958 35
1570 1923 1695 1958 laudat
1720 1923 1839 1975 Bentl.
1858 1924 1897 1959 in
1914 1924 2010 1961 Eun.
2038 1925 2087 1971 V,
2116 1928 2152 1972 8,
2180 1929 2203 1963 3
2229 1928 2296 1964 sed

109 2004 306 2045 propter
331 2009 398 2033 me
423 1998 533 2036 habet
558 1998 596 2033 in
622 1998 705 2045 ipsa
732 1996 868 2041 fabula,
896 2008 962 2031 nec
992 1996 1193 2043 quidquam
1220 1995 1488 2043 discrepantiae
1515 2007 1539 2032 a
1561 2008 1745 2044 quoquam
1763 2002 1930 2034 notatum
1952 1999 2040 2036 vidi.
2093 2000 2219 2049 Erga
2237 2001 2295 2038 bis

110 2072 211 2117 aqud
237 2072 450 2107 Terentium
479 2072 631 2118 (Heaut.
657 2072 690 2115 I,
719 2072 753 2115 2,
786 2072 844 2106 15.
871 2071 925 2114 ΙΙ,
954 2072 988 2114 3,
1018 2071 1084 2114 24;
1111 2081 1197 2106 nam
1222 2070 1316 2106 Hee.
1336 2070 1411 2114 ΠΙ,
1441 2071 1476 2114 3,
1505 2071 1551 2106 29
1571 2071 1731 2106 Bentleii
1757 2071 1968 2108 coniectura
1983 2074 2074 2109 nihil
2092 2086 2187 2121 opus
2209 2077 2294 2122 est),

111 2144 260 2180 sexiens
288 2146 388 2192 apud
413 2145 588 2194 rlautum
617 2145 740 2190 (Asin.
770 2145 829 2180 2ο.
859 2143 966 2191 Capt.
993 2145 1081 2180 245.
1109 2145 1197 2180 416.
1222 2143 1332 2191 Epid.
1360 2143 1433 2189 ΠΙ,
1459 2144 1495 2188 3,
1523 2145 1557 2179 9.
1599 2144 1702 2182 Trin.
1735 2146 1845 2199 1126.
1876 2134 2030 2195 1128).'
2057 2148 2156 2186 nino
2182 2160 2295 2197 quum

111 2218 307 2255 Terentius
334 2220 518 2255 rarissime
545 2219 771 2265 anastrophe.
798 2231 887 2254 usus
913 2219 972 2263 sit,
1000 2225 1037 2253 et
1060 2218 1171 2254 Adel.
1199 2218 1247 2262 V,
1275 2219 1309 2262 3,
1337 2219 1384 2253 36
1414 2219 1596 2266 improbo,
1624 2220 1723 2265 quod
1749 2220 1881 2256 Bentl:
1898 2200 2068 2271 quibus
2108 2234 2162 2259 ex
2200 2226 2293 2260 scri-

110 2292 254 2339 psit**)
269 2305 336 2339 pro
353 2293 489 2339 (signa)
519 2295 571 2328 ex
598 2293 784 2338 quibus,
813 2299 849 2327 et
875 2293 989 2327 multo
1016 2292 1136 2327 minus
1163 2293 1283 2338 placet
1308 2293 1347 2327 in
1373 2293 1518 2328 Andria
1543 2293 1633 2328 illud
1661 2306 1748 2339 quo
1775 2295 1840 2338 in,
1865 2307 1889 2330 a
1915 2279 1990 2341 quo
2014 2298 2137 2332 exorsi
2154 2309 2295 2343 sumus,

110 2365 217 2402 cuius
253 2366 463 2402 mutationis
497 2378 542 2401 ne
578 2376 727 2402 causam
768 2365 914 2414 quidem
950 2366 1038 2402 satis
1070 2365 1241 2402 idoneam
1273 2365 1388 2402 fuisse
1422 2366 1574 2402 concedi
1615 2373 1748 2413 potest.
1818 2367 2062 2406 Verissimum
2090 2371 2188 2409 enim
2220 2380 2294 2410 est-

27 2458 31 2461 *
96 2439 213 2486 *quod
256 2439 395 2474 Bitsch.
447 2439 553 2485 proll.
606 2451 642 2486 p.
700 2440 773 2474 266
826 2439 987 2486 aperuit,
1040 2444 1280 2481 „accentuum
1332 2439 1596 2486 notionumque
1648 2440 1924 2478 convenientiae
1976 2448 2103 2490 poetas
2158 2457 2292 2491 quan,

237 2561 270 2602 )
293 2563 346 2594 nbi
369 2571 459 2602 nnsp.
482 2567 553 2595 tetr.
576 2563 801 2595 describendus
822 2563 949 2593 videtur
970 2569 1060 2594 esse:

358 2628 421 2658 Per
442 2625 535 2664 quem
558 2629 696 2657 vivimus
718 2625 846 2657 vitalem
870 2635 991 2666 aevom,
1014 2634 1108 2663 quem
1130 2623 1230 2664 penes
1252 2634 1327 2663 spes
1348 2627 1435 2656 sitne
1457 2624 1531 2656 ιιίιιι
1552 2625 1722 2658 hominnm.
2161 2667 2165 2673 ,

110 2691 203 2730 Quod
223 2667 296 2721 libri
318 2695 389 2729 post
411 2692 611 2721 hominnm
632 2692 748 2721 hubent
769 2692 962 2730 omnium,
985 2699 1024 2720 ex
1046 2690 1257 2729 autographis
1277 2693 1377 2719 ortum
1400 2690 1530 2728 conicio,
1558 2687 1598 2718 cf.
1622 2690 1695 2720 Ter.
1717 2690 1800 2719 Ειιιι.
1824 2691 1881 2730 IV,
1902 2688 1935 2731 6,
1971 2689 2015 2724 19
2036 2700 2160 2726 nemost
2188 2697 2291 2728 boui-

111 2764 186 2786 num
207 2756 262 2793 qui
283 2756 383 2796 vivat,
404 2756 524 2786 minus.

237 2820 289 2856 ”)
312 2820 396 2856 qnod
417 2820 541 2857 plaeere
563 2820 697 2857 cuipiam
722 2819 822 2857 possit
844 2828 889 2849 ex
911 2819 1022 2858 quis,
1052 2825 1113 2846 non
1145 2818 1247 2856 magis
1269 2817 1491 2846 Terentianum
1514 2820 1575 2856 est,
1598 2815 1752 2853 quoniam
1767 2818 1862 2848 etis-
1895 2820 1998 2852 Andr.
2024 2821 2086 2861 111,
2106 2818 2140 2863 2,
2160 2820 2203 2865 32
2224 2827 2292 2862 qui

111 2887 249 2920 praestat
270 2883 308 2914 C.
329 2884 499 2914 Beinholdi
522 2884 720 2913 coniecturae
743 2884 856 2920 quis,
878 2890 939 2918 quo
961 2883 1094 2911 Plautus
1117 2885 1235 2910 tantum
1259 2881 1308 2909 bis
1330 2880 1464 2917 (Amph.
1486 2878 1537 2910 44.
1561 2879 1705 2911 mosten,
1727 2877 1827 2917 1040)
1845 2889 1925 2913 usus
1948 2892 2023 2915 esse
2043 2885 2181 2918 videtur.
2244 2924 2247 2931 Ι

1960 2942 1970 2948 ι
2058 2938 2104 2974 2*
