2458 3088
124 776 238 871 {le
278 753 601 866 Terentii
637 774 904 866 fabulis
940 719 1109 884 post
1144 774 1350 866 Rich.
1387 771 1786 867 Bentlelum
1822 707 2318 880 emendans.
2378 778 2387 787 ‘

1064 987 1388 1123 Q,

129 1237 462 1339 Elegantissime-e
479 1272 662 1326 ‘Terentii
696 1290 840 1326 fabulae
876 1296 916 1325 ut
930 1333 933 1335 ‚
949 1301 1128 1336 perquam
1161 1290 1326 1325 studiose
1356 1290 1555 1325 litterarum
1588 1278 1797 1326 renatarum
1828 1296 1993 1338 tempore
2029 1296 2067 1326 et
2105 1290 2145 1325 in
2179 1289 2317 1326 scholis

129 1365 343 1412 legebantur
375 1371 412 1399 et
447 1376 470 1399 a
503 1363 592 1398 viris
629 1364 746 1398 doctis
773 1360 1031 1407 tractabantur,
1064 1363 1115 1397 ita
1143 1369 1341 1409 postquam
1360 1345 1525 1398 *Bentleii
1552 1363 1701 1409 ingenio
1729 1375 1847 1411 paene
1881 1363 2018 1399 divino*
2043 1362 2203 1399 solidum
2233 1362 2317 1399 fun·

128 1439 339 1475 damentum
381 1445 417 1474 et
456 1438 544 1473 artis
585 1437 757 1473 metricae
794 1443 829 1472 et
864 1437 968 1472 crisis
996 1436 1239 1472 Terentianae
1263 1436 1408 1472 iactum
1436 1442 1510 1481 est,
1550 1449 1657 1472 nemo
1694 1438 1743 1473 ad
1758 1444 1934 1473 ⁴nostram
1958 1445 2077 1484 usque
2102 1437 2316 1474 memoriam

130 1511 261 1555 extitit,
307 1510 370 1557 qui
397 1510 497 1557 quod
522 1521 677 1555 magnus
704 1509 764 1543 ille
781 1508 981 1544 Britannus
1008 1508 1227 1551 inchoasset,
1267 1507 1315 1542 ad
1342 1512 1480 1543 certum
1507 1507 1618 1543 finem
1645 1508 1845 1544 adduxisse
1872 1508 1945 1544 dici
1970 1514 2109 1556 posset.
2159 1509 2221 1546 Ae
2243 1520 2319 1556 qua

130 1585 279 1632 quidem
305 1584 386 1627 via,
425 1595 520 1629 quae
546 1582 736 1618 Bentleius
764 1588 827 1617 aut
852 1587 1042 1628 peccasset
1068 1587 1131 1616 aut
1169 1580 1393 1626 reliquisset,
1434 1581 1639 1627 supplenda
1671 1587 1708 1616 et
1739 1582 1873 1617 rectius
1901 1565 2160 1618 constituenda
2183 1588 2318 1626 essent,

129 1658 255 1694 docuit
278 1657 377 1694 God.
404 1657 637 1692 Hermannus
666 1668 711 1691 ea
738 1655 1005 1699 dissertatione,
1033 1638 1128 1700 quae
1154 1664 1252 1689 nunc
1266 1649 1384 1689 ¹alteri
1412 1654 1670 1700 opusculorum
1696 1655 1875 1690 volumini
1900 1641 2039 1691 inserta
2066 1662 2134 1699 est,
2161 1653 2226 1691 sed
2252 1656 2316 1701 qui

130 1736 316 1778 posteum
334 1729 383 1765 ad
396 1727 609 1764 Terentium
627 1732 872 1771 accesserunt,
891 1737 1017 1762 eorum
1032 1725 1197 1773 plerique
1210 1737 1292 1774 cum
1311 1737 1335 1761 a
1350 1724 1569 1775 Bentleiana
1585 1726 1727 1762 ratione
1744 1726 1876 1764 iterum
1894 1727 2148 1774 desciscerent,
2165 1740 2316 1776 perraro

129 1786 169 1839 in
198 1802 436 1838 emendandis
462 1806 595 1847 poetae
621 1800 789 1834 versibus
817 1779 956 1845 aliquid
980 1798 1221 1845 profecerunt.
1282 1797 1514 1845 Quapropter
1548 1799 1707 1834 omnium
1744 1800 1839 1836 votis
1875 1806 2095 1847 expetuntur
2126 1801 2317 1838 Bitschelii

132 1883 169 1913 et
195 1854 424 1913 Fleckeiseni
447 1886 585 1917 curae.>
621 1873 773 1909 Interim
799 1884 867 1908 nos
895 1884 941 1907 ne
966 1872 1075 1918 plane
1103 1871 1268 1915 otiemur,
1295 1884 1363 1918 pro
1392 1884 1432 1907 re
1457 1873 1559 1908 tenui
1586 1878 1712 1908 nostra
1736 1873 1849 1908 veluti
1876 1884 2069 1920 operarum
2094 1874 2177 1910 loco
2201 1881 2315 1912 mate·

131 1950 222 1987 riem
249 1955 285 1986 et
312 1953 501 1985 caementa
527 1957 725 1995 congerere
752 1945 790 1981 in
818 1944 979 1981 animum
1004 1943 1226 1988 induximus,
1254 1955 1411 1990 quorum
1438 1944 1470 1980 si
1498 1944 1632 2001 aliquis
1660 1945 1863 1982 architectis
1887 1946 1958 1982 illis
1981 1958 2071 1983 usus
2094 1946 2214 1993 fuerit,
2240 1960 2316 1984 non

131 2018 296 2063 inutilem
324 2036 473 2072 operam
500 2022 705 2068 suscepisse
726 2021 941 2056 videbimur.
994 2020 1047 2056 Ut
1073 2025 1194 2061 autem
1219 2021 1472 2067 perspiciatur,
1500 2022 1589 2068 quid
1605 2022 1793 2058 Bentleius
1820 2023 1977 2069 posteris
2004 2022 2233 2058 efficiendum
2259 2033 2318 2058 re·

132 2099 291 2146 liquerit,
319 2098 408 2145 quid
430 2097 509 2143 ipse
537 2094 745 2138 absolverit,
774 2105 848 2140 quo
877 2093 1034 2140 denique
1059 2093 1142 2128 loco
1171 2093 1218 2129 sit
1240 2093 1351 2128 hodie
1378 2085 1482 2129 crisis
1502 2093 1734 2138 Terentiana,
1761 2105 1873 2130 unum
1897 2095 2050 2141 aliquod
2070 2094 2167 2131 illius
2195 2106 2317 2131 emen-

131 2174 323 2209 dationum
349 2183 465 2218 genus
495 2170 618 2205 dedita
645 2180 757 2215 opera
781 2180 846 2215 per
872 2179 984 2203 unam
1010 2168 1181 2211 fabulam,
1209 2178 1318 2213 quam
1344 2167 1526 2203 Andriam
1551 2168 1719 2204 volumus
1745 2180 1837 2213 esse,
1863 2169 2040 2216 persequi
2064 2170 2195 2217 placet.

227 2256 232 2260 “
291 2247 442 2291 Anceps
477 2249 534 2279 est
567 2248 603 2278 et
638 2242 797 2278 lubricus
824 2242 928 2277 locus
956 2242 1001 2277 de
1027 2241 1102 2275 ictu
1128 2241 1277 2276 metrico
1306 2241 1496 2287 diligenter
1521 2247 1562 2277 ut
1586 2242 1754 2277 Bentleio
1782 2242 1929 2289 quidem
1955 2243 2075 2279 visum
2101 2248 2158 2279 est
2183 2254 2318 2279 conso·

133 2318 265 2355 ciendo
294 2322 331 2352 et
356 2327 439 2351 cum
460 2313 697 2361 grammatico
725 2318 761 2348 et
787 2324 868 2348 cum
894 2312 1015 2359 logico
1040 2319 1210 2357 accentu,
1246 2324 1341 2358 quae
1366 2325 1425 2348 res
1454 2325 1546 2358 quas
1578 2314 1710 2349 habeat
1736 2315 1926 2351 cautiones
1966 2314 2082 2363 nuper
2120 2317 2320 2353 admodum

134 2390 315 2427 subtiliter
346 2388 465 2434 capite
496 2387 605 2423 XVI.
638 2377 925 2433 prolegomenon
961 2385 1167 2421 Trinummi
1201 2397 1224 2420 a
1256 2368 1456 2421 Rit'schelio
1492 2386 1698 2432 expositum
1732 2394 1798 2423 est.
1856 2388 1938 2434 Qui
1977 2390 2079 2435 quod
2111 2390 2319 2427 Bentleium

135 2465 253 2510 legem
276 2462 377 2498 illam
402 2461 589 2508 praeclare
616 2460 826 2506 indagatam
853 2460 1072 2506 aliquotiens
1100 2460 1148 2495 ad
1175 2459 1298 2505 paullo
1326 2460 1545 2495 severiorem
1582 2472 1746 2496 normam
1782 2456 1892 2507 'quam
1922 2474 1991 2509 par
2015 2462 2126 2516 fuerit
2151 2465 2321 2511 exegisse

135 2535 250 2572 nimio
277 2533 532 2571 concinnitatis
562 2533 683 2568 studio
712 2532 906 2578 iudicavit,
947 2538 987 2568 ut
1014 2537 1123 2580 quam
1156 2530 1254 2567 recte
1281 2532 1497 2568 iudicaverit
1531 2532 1731 2570 existimari
1763 2534 1898 2582 possit,
1936 2535 2157 2584 insigniores
2190 2549 2320 2576 versus

137 2586 232 2654 quo¹s
257 2608 447 2644 Bentleius
475 2619 519 2641 eo
546 2607 694 2640 nomine
720 2607 872 2641 mutavit
898 2617 994 2640 nunc
1017 2607 1251 2652 percensebo.
1303 2606 1363 2640 Ac
1389 2607 1489 2652 quod
1514 2607 1680 2643 Andriae
1706 2608 1738 2651 Ι,
1772 2609 1804 2652 1,
1835 2609 1896 2644 72.

387 2680 472 2719 Quid
493 2677 600 2709 verbis
624 2688 706 2723 opus
727 2679 797 2709 est?
819 2676 889 2709 ha'c
911 2680 1014 2709 fama
1035 2677 1180 2716 inpulsus
1204 2679 1355 2710 Chremes

390 2744 478 2775 Ultro
500 2741 540 2774 a'd
562 2752 611 2774 me
634 2744 722 2774 veuit
743 2760 786 2765 —
