2458 3088
1463 139 1483 158 e
2061 131 2338 185 '-

1838 217 1841 220 ῃ
2047 199 2055 209 Ι

145 261 181 300 1-
181 242 288 313 lla-,ze
282 258 613 312 muglutinmtnr.
664 239 796 302 Hine
783 275 863 302 iure
879 275 964 301 meo
980 217 1153 312 oolligere
1169 263 1259 302 mihi
1284 264 1424 313 videor,
1449 275 1534 301 enm
1558 264 1727 302 histrioni
1753 274 2014 313 quameunque
2033 274 2165 306 voeem
2180 264 2335 314 intheui
2378 261 2383 263 ’

3 332 19 339 ”
65 337 80 373 4»
104 350 107 354 ·
147 335 363 385 depluat-m
381 338 554 402 quotiens
574 339 809 375 commodum
826 339 1030 377 videretur
1036 339 1177 403 erigere
1196 339 1334 385 liceret,
1361 350 1437 375 non
1462 350 1545 376 esse
1570 351 1637 376 eos
1662 350 1792 375 versus
1814 339 1895 375 sine
1920 335 2099 375 libroruin
2115 338 2336 386 scriptorum

146 420 231 456 ope
248 411 505 458 corrigendos,
544 411 584 447 in
625 412 758 459 quibus
797 422 908 448 voces
935 413 984 448 ad
1010 412 1228 448 sententiam
1252 412 1442 460 graviores
1468 424 1544 448 ιιοιι
1575 412 1614 448 in
1641 411 1716 448 arsi
1741 411 1942 449 eolloeatae
1978 411 2224 458 inveniamur,
2264 413 2334 449 eui

147 492 234 518 oum
259 483 416 521 leviores
441 485 481 522 in
508 473 594 530 arsi,
613 485 804 532 graviores
831 486 870 522 in
895 486 991 523 thesi
1017 487 1154 523 cubant
1178 487 1347 523 notiones
1373 493 1471 523 rect-e
1493 486 1539 523 de
1561 486 1652 522 vitio
1679 485 1835 534 eogitari
1851 497 1926 522 non
1941 496 2050 533 nego,
2074 496 2198 533 neque
2213 496 2334 537 ςζιιιι·

101 590 111 596 ,
147 556 324 595 mazicum
350 559 546 595 verborum
571 560 684 596 ictum
724 560 799 596 ictu
824 560 977 596 metrico
1003 561 1222 607 pessundari
1247 560 1435 597 ferendum
1462 561 1575 597 duco:
1603 560 1707 597 euius
1733 559 1925 606 utriusque
1951 559 2183 608 exceptionis
2209 570 2334 596 exem·

98 622 101 623 ⁷
147 630 250 677 plum
277 642 325 667 ex
347 627 503 679 Hecyra
525 631 641 669 affero
687 632 758 678 IV,
799 634 835 678 4,
871 634 919 670 35
962 633 1042 681 (ubi
1068 639 1166 670 reete
1187 633 1307 670 Bentl.
1333 645 1424 669 non
1446 634 1558 670 clam
1584 645 1650 669 me
1676 634 1844 669 habe're
1869 644 1938 680 pro
1966 644 2010 669 eo
2038 633 2141 680 quod
2164 633 2333 675 Faernus

147 697 348 750 reliquerat
373 688 465 739 non
492 706 558 740 me
584 704 697 740 elam
723 704 776 751 h.)
806 710 842 740 et
866 704 937 749 IV,
969 706 987 740 1
1010 705 1059 741 58
1078 705 1167 749 (ubi
1192 710 1276 740 ante
1295 704 1421 740 Bentl.
1447 706 1609 751 posset
1633 709 1739 750 post
1762 705 1923 750 pessimo
1949 704 2025 739 ictu
2048 705 2240 750 legebatur
2262 717 2332 752 pro

147 780 255 822 post
279 775 510 825 posset*).
563 776 664 814 Hine
691 781 837 825 praeter
862 776 1115 814 necessitatem
1140 776 1296 815 mutavit
1319 776 1440 814 Bentl.
1479 777 1633 822 Eun.1‚
1662 779 1696 823 2,
1720 779 1769 814 49
1797 778 1942 814 initium
1965 774 2131 813 senariiz‘
2154 790 2210 814 ne
2245 780 2333 815 hoc

147 849 336 897 quidem
361 843 545 887 tacebit
570 850 802 887 Parmeno
830 851 994 899 (scripsit
1018 863 1167 899 neque
1190 853 1276 887 hoe
1300 857 1386 888 tac.
1412 851 1457 887 P.
1484 857 1527 887 ut
1551 852 1637 887 hoe
1662 852 1701 887 in
1727 852 1802 888 arsi
1824 844 2011 898 haberet),
2049 862 2135 888 nam
2159 852 2250 888 hoo
2274 853 2330 888 hi-

147 920 281 958 strioni
306 907 520 971 erigendum
546 925 703 971 relinqui
730 937 778 960 ex
805 926 973 961 eiusdem
994 926 1165 962 Eunuchi
1203 937 1311 961 versu
1349 925 1402 970 11,
1442 926 1477 969 3,
1512 926 1559 960 31
1599 937 1652 960 ne
1677 918 1722 961 id
1753 925 1938 972 quidem
1960 924 2056 972 (init.
2082 924 2192 961 iamb.
2220 924 2330 972 sept.)

147 1001 314 1042 apparet.
367 996 450 1032 Nec
475 1001 574 1033 recte
603 997 701 1033 idem
726 998 844 1034 Andr.
871 997 944 1042 ΠΙ,
976 999 1011 1043 4,
1043 999 1088 1033 10
1114 1009 1161 1033 ex
1186 985 1380 1034 uno'libro
1409 999 1492 1045 ego
1520 997 1650 1045 quivi
1677 998 1983 1044 intellegere,
2021 997 2150 1034 maluit
2173 997 2332 1034 seribere

147 1079 260 1114 quam
287 1070 513 1116 reliquorum
538 1071 714 1106 librorum
741 1072 961 1118 scripturam
985 1072 1113 1118 quivi
1140 1063 1222 1119 ego
1249 1071 1327 1108 int.
1354 1071 1482 1118 sequi..
1538 1070 1630 1117 Quis
1668 1082 1780 1118 porro
1821 1082 1936 1117 quum
1972 1069 2068 1108 Hee.
2093 1069 2168 1113 ΠΙ,
2211 1072 2243 1112 1,
2284 1070 2332 1105 14

147 1140 279 1199 (prius
297 1153 410 1188 quam
435 1145 534 1179 hane
560 1155 714 1180 uxorem
742 1145 851 1190 duxi,
889 1146 1068 1181 habebam
1095 1145 1211 1181 alibi
1237 1144 1396 1181 animum
1423 1144 1539 1181 amori
1562 1144 1737 1192 deditum)
1778 1143 1913 1189 alibi,
1933 1143 2045 1191 *quod
2071 1142 2232 1190 aliquam
2254 1142 2329 1179 vim

146 1215 186 1251 in
212 1227 258 1251 ea
283 1219 465 1253 sententia
489 1219 610 1261 habet,
637 1219 675 1253 in
701 1220 796 1254 thesi
822 1220 1007 1254 ferendum
1035 1220 1193 1264 duxerit,
1216 1204 1285 1254 etsi
1306 1219 1414 1255 facile
1432 1220 1500 1254 sub
1518 1219 1628 1254 ictum
1646 1219 1768 1254 venire
1786 1218 1908 1265 potuit
1934 1217 2148 1265 (animum
2177 1215 2330 1263 alibi),

146 1300 223 1324 non
249 1288 342 1326 ferat
368 1290 506 1326 obolo
534 1291 653 1327 Andr.
680 1292 733 1334 Π,
762 1292 797 1335 2,
826 1291 901 1326 32?
2214 1289 2218 1291 “

396 1375 504 1405 ‘Olera
527 1385 563 1404 ao
586 1374 756 1412 pisciculds
778 1356 914 1405 minutos
937 1374 1020 1405 ferre
1042 1378 1132 1404 obolo
1154 1377 1186 1404 in
1210 1374 1318 1405 cenim
1340 1377 1421 1414 seni,

146 1446 211 1482 ubi
238 1448 338 1494 quod
360 1447 481 1485 Bentl.
508 1448 634 1485 ferre
662 1449 705 1485 in
730 1459 886 1486 cenam
915 1450 1054 1486 obolo
1082 1450 1201 1494 seni,
1241 1450 1374 1486 oblitus
1414 1455 1469 1486 est
1494 1449 1611 1494 magis
1636 1448 1818 1495 placuisse
1845 1448 1993 1483 comicis
2019 1447 2172 1492 poeticis
2198 1458 2327 1480 versus

145 1518 285 1552 exitum
311 1518 357 1552 in
385 1520 681 1553 cenomanni
709 1531 818 1566 quam
845 1520 891 1555 in
919 1521 1075 1555 cenam
1104 1519 1240 1556 obolo
1268 1519 1387 1564 seni,
1425 1524 1466 1555 ut
1502 1518 1561 1554 vel
1586 1518 1657 1555 hoc
1683 1517 1830 1555 nomine
1856 1517 2078 1566 praestiterit
2104 1518 2326 1566 optimorum

144 1592 320 1627 librorum
351 1593 497 1637 (Bemb.
525 1593 685 1639 Victor.)
711 1594 892 1639 scriptura
917 1593 1013 1627 Eun.
1040 1593 1113 1636 ΙΙΙ,
1142 1594 1176 1637 2,
1205 1594 1253 1627 45
1283 1603 1383 1628 cum
1411 1595 1454 1627 in
1481 1594 1671 1649 mentem
1697 1593 1830 1628 venit
1858 1592 1946 1628 huic
1971 1592 2131 1628 Benfleii
2156 1597 2326 1640 mnspo·

144 1665 272 1717 sitioni
298 1666 343 1701 in
370 1670 565 1702 mentem
593 1670 692 1703 clim
718 1669 858 1703 venit.
868 1668 929 1713 **)
984 1668 1043 1703 Ac
1069 1679 1115 1702 ne
1144 1668 1396 1713 oppositorum
1424 1668 1570 1713 quidem
1596 1668 1655 1701 vel
1680 1668 1719 1701 in
1747 1678 1889 1702 summa
1921 1665 2094 1702 facilitate
2132 1673 2326 1713 utrumque

144 1738 289 1787 semper
311 1740 425 1777 ictum
452 1740 615 1788 recipere
639 1741 820 1787 intelligas
849 1753 896 1776 ex
921 1741 1030 1777 Adel.
1058 1740 1127 1785 IV,
1157 1742 1191 1785 3,
1220 1743 1262 1777 8:

395 1834 503 1870 Atque
526 1831 624 1864 istaec
646 1834 767 1873 endem,
790 1831 871 1871 quae
892 1834 988 1864 mihi
1011 1834 1098 1873 dixti,
1120 1831 1188 1864 nite
1210 1835 1296 1863 dicas
1320 1831 1482 1863 muilieri

144 1916 210 1963 qui
236 1909 430 1953 verborum
459 1903 628 1953 ordo‘ibss
654 1928 688 1953 v.
721 1918 767 1952 13
795 1917 912 1952 redit:
953 1919 1067 1963 quae
1093 1917 1203 1952 mihi
1230 1917 1353 1952 dixti
1395 1917 1473 1961 (ubi
1497 1928 1679 1962 quoque
1706 1928 1729 1951 a
1755 1916 1874 1951 Bentl.
1912 1915 2320 1958 insertum-delendum,

145 1998 230 2024 oum
257 2000 385 2024 versus
413 1989 450 2023 in
475 2001 593 2035 pausa
620 1989 796 2024 orationis
825 1995 861 2024 et
886 1989 1085 2023 mutatione
1111 1999 1291 2035 personae
1317 1988 1421 2023 hiare
1441 1973 1587 2035 possit),
1615 1999 1688 2034 qua
1713 1998 1751 2023 re
1778 1997 1848 2023 nec
1874 1987 1994 2024 Andr.
2020 1987 2093 2033 ΙΠ,
2121 1989 2157 2032 4,
2186 1988 2253 2023 20:

394 2081 451 2109 Ibo
474 2078 514 2109 ἑά
539 2088 630 2111 eum:
653 2086 748 2116 atque
771 2083 884 2110 eadem
908 2082 985 2109 haee
1007 2078 1088 2116 quae
1110 2081 1166 2109 tihi
1191 2081 1264 2117 dixi,
1285 2062 1516 2110 dicamitldem
1539 2081 1586 2109 illi
1603 2087 1611 2110 z
1628 2086 1636 2110 ζ
1652 2078 1765 2109 ΝιίΙΙιιε
1786 2088 1866 2111 snm.

142 2165 231 2200 trbi
260 2176 376 2211 quae
403 2176 522 2210 neque
546 2164 641 2199 Eun.
668 2164 738 2210 IV,
769 2165 802 2206 3,
836 2165 881 2199 13
910 2165 1006 2211 (qui
1032 2164 1141 2199 mihi
1167 2165 1284 2199 male
1307 2165 1488 2209 volunt)
1517 2165 1625 2200 mihi
1650 2165 1726 2210 qui
1753 2174 1837 2199 cum
1863 2163 1984 2200 Bentl.
2010 2163 2324 2211 transponendum

141 2243 244 2284 puto.
310 2238 399 2274 Non
424 2239 544 2285 potuit
571 2239 649 2274 sine
674 2239 786 2273 totius
814 2238 1015 2273 sententiae
1041 2238 1290 2273 immutatione
1314 2244 1506 2284 utrumque
1538 2239 1746 2285 oppositum
1774 2239 1843 2273 sub
1869 2239 1980 2274 ictum
2001 2238 2127 2274 venire
2151 2238 2262 2275 Adel.
2290 2238 2323 2281 Ι,

144 2312 180 2356 2,
211 2314 270 2355 16,
302 2313 368 2347 17:

268 2446 300 2484 *)
322 2448 452 2482 reliquit
474 2449 581 2477 Bentl.
604 2449 698 2476 Adel.
724 2448 786 2485 111,
805 2446 835 2485 4,
858 2446 899 2475 44
925 2448 1007 2482 quod
1029 2445 1087 2475 vos
1111 2447 1161 2475 ins
1183 2448 1278 2485 cogit,
1300 2446 1332 2474 id
1354 2447 1518 2475 voluntale
1541 2444 1685 2484 innaret,
1704 2425 1763 2474 ¹ubi
1786 2454 1855 2475 cum
1875 2446 2066 2483 pronominis
2089 2446 2221 2476 intentio
2245 2455 2323 2477 sen-

141 2510 270 2541 ientiam
293 2515 453 2548 pervertat
473 2513 653 2542 necessaria
676 2515 725 2540 est
746 2511 946 2547 transpositio
969 2511 1071 2545 quod
1095 2507 1158 2538 iiis
1182 2518 1252 2538 vos
1274 2511 1392 2547 cogit.

270 2572 320 2612 '·)
343 2582 405 2610 qua
427 2583 462 2604 re
484 2575 584 2604 Andr.
608 2574 649 2608 V,
675 2570 705 2612 1,
729 2569 768 2602 19
792 2582 1015 2612 pernumeros
1038 2581 1099 2602 non
1122 2577 1240 2603 tantum
1265 2582 1302 2603 ex
1324 2573 1459 2603 Bentleii
1484 2573 1661 2603 coniectura
1683 2582 1798 2604 versus
1821 2573 1922 2605 exitus
1946 2573 2068 2603 institui
2090 2574 2208 2611 potuit:
2231 2573 2320 2614 „vidi

142 2640 287 2683 ancillam
310 2636 499 2677 iurgantem.
524 2636 617 2668 Scio“
641 2653 682 2659 ——
705 2640 761 2667 sed
785 2636 878 2667 etia'm
901 2640 947 2667 sic
968 2647 1037 2667 cum
1061 2639 1148 2667 libris
1171 2638 1330 2666 omnibus:
1354 2636 1441 2677 „vidi
1466 2638 1639 2676 iurgantem
1663 2631 1817 2667 a'nciuam
1833 2635 1938 2676 Seio“‚
1960 2645 2031 2666 nan
2055 2638 2138 2674 quod
2155 2638 2260 2670 Bentl.
2280 2640 2320 2668 ad

140 2703 417 2733 commendandam
440 2712 529 2733 sunm
552 2702 824 2739 transpositionem
848 2703 947 2740 affert,
969 2702 1072 2732 solere
1094 2703 1275 2734 Terentium
1298 2702 1503 2739 pronunciare
1525 2699 1716 2731 ancillam
1740 2707 1870 2732 accentu
1899 2703 1930 2731 in
1960 2703 2083 2738 syllaba
2105 2704 2226 2742 medin,
2259 2712 2319 2732 non

140 2773 252 2794 verum
273 2770 339 2795 est:
373 2767 492 2803 legitur
514 2767 595 2793 enim
620 2774 657 2794 ea
679 2774 739 2794 vox
762 2771 892 2796 accentu
917 2766 947 2793 in
970 2766 1238 2802 antepaenultima
1267 2766 1348 2795 Eun.
1374 2766 1421 2804 ΙΙ,
1443 2761 1482 2804 3,
1503 2761 1555 2794 56.
1598 2765 1725 2797 ΡΙιοηη.
1750 2765 1815 2806 ΙΙΙ,
1837 2761 1874 2805 2,
1897 2760 1940 2795 26
1962 2769 1994 2796 et
2016 2765 2100 2804 apud
2120 2765 2264 2797 Plautum
2288 2766 2320 2796 in

111 2806 121 2813 ”
140 2829 343 2864 mmmm.
368 2826 531 2860 797.801.
556 2831 627 2859 mn.
651 2831 704 2861 on.
724 2828 796 2862 910.
819 2832 916 2860 suen.
942 2827 1013 2858 4:32.
1784 2813 1788 2817 ’
