2458 3088
942 0 1008 26 ’μς
1032 0 1106 22 ’.ιν-θ’
1119 0 1159 26 ,δι’

43 312 62 350 Ἃ
95 327 191 360 tum
212 319 414 393 possent
433 314 642 381 studuiss03
676 333 799 373 neque
836 322 933 359 enim
961 322 1110 369 eosdem
1138 323 1332 373 celandum
1359 329 1416 360 est
1440 316 1673 361 nonnulla
1691 294 1800 362 virae
1825 325 1913 362 voci
1935 314 2189 372 recitantium
2181 300 2329 367 teliz

96 384 243 442 quim
255 378 409 447 prester
444 394 539 450 ictus
577 388 815 431 numerorum
848 386 1016 431 acuenda
1042 401 1154 442 atque
1181 395 1424 432 extollenda-‘⁶
1478 385 1681 432 Multorum
1709 397 1807 433 enim
1824 388 2099 439 vocabulorum
2124 403 2293 445 tempora

18 503 28 518 ‚v
93 458 151 505 its
174 462 273 505 suit
286 466 511 517 comparata,
544 473 587 504 ιιι
613 468 684 514 etsi
709 468 947 517 praecipuum
974 469 1014 505 in
1039 481 1150 506 versu
1174 469 1319 517 pondus
1346 470 1517 515 habeant,
1555 469 1656 506 nullo
1672 482 1835 517 prorsus
1861 470 2030 508 artificio
2042 473 2082 509 in
2108 471 2220 510 arsim
2245 483 2293 509 ea
2314 478 2321 509 1

94 549 232 599 eogere
256 542 390 589 possis,
401 539 490 604 fisi
515 547 580 578 aut
605 547 734 590 pereat
758 543 937 580 sermonis
961 542 1119 596 facilitas
1147 548 1183 578 et
1208 533 1422 590 simplicitas
1449 549 1514 579 aut
1536 544 1638 600 aliud
1663 543 1937 582 incommodum
1960 544 2150 590 inferatur,
2190 545 2293 593 quod

91 603 269 674 Βοὴιὶοίρ
295 614 420 652 ἱιινίΠο
447 625 537 662 quo
563 615 610 651 in
637 615 784 651 accidit.
842 614 904 651 Ita
929 615 1117 652 imbrem
1143 621 1179 651 et
1201 601 1423 661 cribrum,
1449 616 1703 663 gravissimam
1735 621 1928 664 utramque
1962 617 2010 661 ιη’
2040 628 2086 654 ea
2111 615 2293 657 sententia

97 682 299 732 notionem,
334 699 417 724 ιιοιι
440 688 564 736 potuit
588 689 627 724 in
653 689 729 724 arsi
755 688 941 740 collocare
979 683 1091 749 poeta
1115 689 1253 725 Pseud.
1283 689 1356 724 102
1397 701 1471 725 ιιοιι
1504 689 1621 736 pluris
1653 689 1764 726 refert
1803 692 1914 737 quam
1953 691 1985 726 si
2022 690 2216 726 imbrem
2253 690 2293 727 in

98 759 303 799 cribrum
329 751 490 812 ingeras.
542 760 675 798 Itidem
699 760 836 798 Heaut.
863 760 902 806 Ι,
932 762 966 807 2,
998 763 1044 799 18
1067 761 1170 808 Quid
1194 760 1373 798 narrat&
1393 761 1520 808 :Quid
1541 760 1629 798 ille?
1663 763 1837 799 miserum
1864 773 1904 798 se
1932 773 2042 799 esse:
2058 761 2291 808 :Missi-um?

97 835 218 896 qu'em
232 833 383 871 minus
410 834 628 872 crederes?
639 834 788 871 minus
826 840 867 871 ut
906 834 985 871 sine
1019 835 1222 871 sententiae
1250 834 1467 871 detrimento
1508 846 1582 871 non
1622 835 1744 882 potuit
1769 836 1922 872 metrico
1949 836 2025 872 ictu
2051 836 2203 896 intendi,
2237 836 2292 873 ita

95 908 183 955 ipsa
200 909 411 949 sententiae
435 908 473 943 vi
499 909 590 945 satis
616 909 815 966 extollitur.
842 909 941 944 Hinc
968 910 1077 944 etiam
1104 910 1221 965 Andr.
1239 910 1312 953 ΠΙ,
1335 911 1368 967 2,
1389 910 1437 944 40
1465 908 1610 945 Scimus
1638 921 1749 955 quam
1776 910 1908 945 misere
1927 911 2029 946 ‘hanc
2055 893 2197 955 amarit,
2222 921 2292 946 nec

98 992 196 1038 opus
221 987 279 1019 est
304 973 602 1030 transpositione,
627 987 670 1018 ιιι
686 974 864 1018 inisere
891 982 960 1018 sub
986 982 1101 1018 ictum
1127 982 1261 1044 veniat,
1288 994 1355 1017 nec
1382 983 1501 1029 placet
1524 994 1547 1018 a
1573 982 1742 1018 Bentleio
1766 982 1860 1042 inita
1884 983 1997 1018 ratio:
2025 982 2169 1020 Scimus
2195 984 2291 1024 hanc

90 1045 209 1103 quam
234 1058 368 1092 misere
394 1050 541 1092 amarit·
567 1056 607 1091 in
631 1053 814 1104 principio
843 1051 938 1090 enim
965 1056 1126 1102 positum
1148 1067 1352 1103 pronomen
1384 1056 1657 1103 oppositionem
1684 1056 1823 1091 indicat
1850 1039 1887 1091 et
1913 1056 2224 1104 comparationem
2241 1057 2291 1092 ad

43 1180 45 1182 q
96 1132 192 1174 eam,
219 1139 330 1176 quam
355 1128 478 1164 minus
504 1112 638 1165 amarit
663 1128 892 1175 Pamphilus.
945 1129 984 1163 N
986 1139 1034 1163 on
1061 1129 1179 1163 minus
1205 1128 1436 1163 incommode
1463 1129 1584 1165 Bentl.
1613 1140 1660 1163 ex
1682 1129 1811 1175 paucis
1837 1129 1941 1164 libris
1967 1129 2064 1164 Eun.
2090 1129 2143 1172 11,
2172 1130 2288 1173 3,18

32 1223 34 1225 -
96 1203 353 1238 utilitatem
378 1203 603 1249 praeposuit,
642 1187 734 1248 quo.
756 1203 884 1249 inepta
920 1203 1015 1237 adeo
1043 1203 1206 1237 nascitur
1232 1203 1424 1237 sententia.
1493 1191 1677 1238 Similiter¹
1700 1202 1871 1248 peccavit
1896 1203 1944 1237 ib.
1972 1214 2006 1237 v·
2036 1204 2098 1247 80,
2136 1213 2220 1238 cum
2245 1208 2290 1237 te

94 1275 228 1311 illum
255 1286 374 1319 esse,
416 1276 518 1321 quod
543 1276 582 1310 in
608 1275 711 1311 libris
736 1281 1024 1331 ese'sperneret
1049 1287 1137 1321 prae
1163 1276 1231 1310 hac
1259 1275 1544 1320 transpositione
1573 1281 1615 1310 te
1642 1287 1747 1310 esse
1775 1276 1906 1310 illum
1933 1275 2096 1319 dicam,
2134 1281 2177 1311 ut
2201 1275 2290 1311 ridi-

93 1350 178 1386 cule
203 1334 313 1385 dicit
329 1349 533 1385 Parmeno:
573 1348 622 1397 id>
649 1350 764 1387 metbe
791 1348 863 1397 bid>
890 1347 964 1395 fiii·
990 1348 1119 1395 ietten
1146 1344 1336 1396 uuegeben,
1364 1349 1472 1393 quasi
1497 1349 1598 1383 illum
1622 1361 1670 1384 an
1697 1348 1808 1384 alium
1833 1347 2039 1386 ,Chaeream
2065 1348 2140 1384 dici
2176 1349 2290 1384 inter·

95 1427 211 1474 esset:
250 1422 362 1459 immo
402 1421 506 1459 dicit:
540 1420 589 1472 id)
616 1423 733 1461 werbe
759 1419 843 1472 bid)
872 1418 980 1469 buffit
1007 1419 1196 1470 uuegebm,
1226 1426 1262 1457 et
1288 1426 1349 1466 te,
1378 1421 1479 1468 quod
1504 1420 1542 1456 in
1570 1421 1664 1456 thesi
1680 1427 1747 1466 est,
1773 1421 1919 1468 pondus
1944 1421 2148 1457 sententiae
2168 1421 2289 1457 habet.

96 1491 260 1545 Omnino
287 1493 409 1539 autem
436 1505 549 1541 quum
575 1499 788 1542 reputamus
815 1495 1027 1536 nobiscum,
1067 1477 1399 1528 non‘seandendos
1427 1495 1493 1528 sed
1518 1494 1605 1527 viva
1631 1505 1723 1527 voce
1749 1494 1959 1528 recitandos
1983 1494 2097 1528 fuisse
2120 1495 2289 1529 scenico-

85 1581 177 1615 -rum
209 1576 402 1616 poetarum
435 1581 564 1605 versus
578 1556 869 1614 ‘habendamque
899 1570 1068 1603 recitanti
1094 1581 1168 1603 non
1195 1570 1332 1603 ictuum
1358 1569 1476 1613 magis
1504 1580 1614 1614 quam
1641 1569 1844 1603 sententiae
1869 1570 2062 1611 rationem,
2105 1580 2291 1613 quumque

94 1643 419 1680 animadvertimus
446 1656 598 1680 severae
620 1643 756 1680 ictuum
784 1649 820 1679 et
846 1643 1052 1678 notionum*
1068 1642 1326 1688 congruentiae
1353 1654 1592 1690 permagnum
1619 1654 1793 1678 versuum
1819 1654 2010 1678 numerum
2038 1643 2196 1686 obstare,
2223 1641 2290 1679 vix

51 1764 53 1766 r
96 1718 293 1755 obscurum
317 1710 400 1754 esse
425 1716 535 1754 nobis
567 1722 705 1765 potest,
734 1723 873 1764 quanta
899 1716 1069 1753 cautione
1097 1722 1132 1752 et
1157 1715 1337 1752 modestia
1363 1715 1400 1752 in
1428 1716 1502 1751 hoc
1528 1727 1662 1762 genere
1688 1716 1864 1752 utendum
1892 1715 1958 1760 sit,
1996 1721 2055 1760 ιιι,
2092 1715 2164 1752 nisi
2187 1720 2290 1752 certa

94 1791 190 1828 ratio
205 1790 325 1829 subsit
344 1796 509 1828 —certa
535 1795 656 1827 autem
684 1790 745 1826 vel
771 1790 808 1825 in
835 1791 907 1826 hoc
934 1800 1067 1837 genere
1098 1789 1238 1824 lubrico
1266 1789 1380 1824 multa
1407 1800 1487 1824 esse
1506 1800 1580 1824 non
1607 1800 1702 1835 nego
1722 1808 1771 1815 -
1788 1790 1834 1824 ab
1853 1789 2080 1824 emendando
2104 1788 2289 1825 abstinere

92 1870 257 1912 praestet
283 1876 394 1911 quam
419 1863 624 1900 sanissimis
646 1863 814 1898 versibus
841 1862 916 1897 vim
943 1862 1088 1896 inferre.
1141 1862 1199 1896 Ac
1228 1868 1365 1906 quanta
1390 1862 1540 1896 libertas
1567 1862 1806 1896 histrionibus
1833 1862 1963 1897 relicta
1988 1862 2108 1906 fuerit,
2134 1867 2176 1896 ut
2202 1873 2286 1897 sen-

92 1938 229 1974 tentiae
254 1938 371 1984 magis
398 1938 514 1984 probe
541 1943 578 1972 et
603 1936 749 1983 penitus
772 1936 1029 1981 intelligendae
1057 1947 1167 1981 quam
1196 1935 1337 1970 arsibus
1367 1940 1403 1969 et
1428 1936 1592 1970 thesibus
1622 1935 1903 1981 compensandis
1938 1941 2128 1981 metroque
2164 1935 2287 1982 expri-

92 2011 228 2050 mendo
255 2017 293 2047 et
316 2011 530 2047 intentendo
559 2021 709 2057 operam
736 2009 875 2053 darent,
902 2009 987 2044 inde
1016 2019 1163 2054 quoque
1188 2007 1419 2054 perspicitur,
1448 2008 1549 2054 quod
1577 2008 1711 2054 quibus
1733 2006 1826 2044 locis
1854 2019 1921 2054 per
1948 2007 2176 2053 sententiam,
2209 2019 2287 2045 ιιοιι
2315 1992 2321 1998 “

93 2084 224 2121 iisdem
251 2084 361 2119 etiam
386 2094 455 2129 per
479 2087 634 2118 metrum
659 2086 816 2128 pausa‘m
843 2081 947 2116 vocis
970 2080 1093 2115 facere
1119 2080 1214 2123 licet,
1242 2090 1314 2125 qua
1340 2090 1380 2114 re
1403 2079 1483 2114 fieri
1512 2090 1588 2113 non
1614 2085 1748 2125 potest,
1787 2079 1876 2125 quin
1916 2079 2097 2114 sententia
2130 2085 2285 2126 cogente

90 2170 204 2208 saepe
230 2158 283 2193 ibi
309 2157 529 2195 subsistamr
550 2166 743 2203 pansaque
769 2155 920 2198 incidat,
960 2154 1024 2189 ubi
1050 2159 1204 2188 metrum
1231 2164 1381 2198 prorsus
1408 2153 1568 2198 perverti
1590 2153 1776 2187 videatur:
1817 2153 1866 2187 ad
1893 2163 2004 2198 quam
2030 2163 2106 2187 rem
2133 2153 2285 2188 demon·

91 2232 280 2268 strandam
317 2212 400 2267 cum
437 2233 566 2266 'omnes
605 2241 734 2265 versus
761 2228 921 2275 appositi
947 2228 1039 2271 sint,
1082 2239 1175 2273 quos
1203 2226 1341 2262 Ritsch.
1369 2226 1475 2272 proll.
1503 2239 1539 2273 p.
1572 2226 1642 2261 191
1673 2237 1728 2272 sq.
1755 2231 1797 2261 ut
1823 2225 1933 2261 etiam
1960 2226 1997 2260 in
2023 2236 2142 2271 pausa
2180 2226 2283 2262 vocis
2321 2254 2323 2257 ,

91 2281 279 2342 raritatem
305 2305 429 2340 hiatus
455 2282 683 2347 ostenderet,
722 2302 926 2348 congessit,
967 2302 1005 2336 in
1032 2302 1089 2336 his
1117 2301 1260 2335 duobus
1288 2300 1407 2345 (Trin.
1438 2301 1524 2335 692.
1553 2299 1645 2346 710)
1674 2300 1911 2346 praecipuam
1936 2299 2182 2345 persuadendi
2208 2299 2284 2333 vim

80 2379 214 2417 'inesse
241 2378 357 2415 duco:

342 2458 422 2500 Quis
438 2467 494 2497 ,me
516 2458 683 2498 improbior
705 2458 907 2496 perhibeatur
929 2454 1023 2486 esse
1046 2456 1144 2485 haec
1166 2452 1377 2494 tetigeritis.

339 2523 463 2555 medon
485 2527 575 2561 paeto
598 2531 660 2559 quo
681 2520 744 2552 huie
766 2522 888 2551 accessi
910 2518 1106 2558 apscessero.
1150 2521 1290 2548 Lesbon.
1334 2519 1348 2547 Ι
1372 2520 1444 2547 hac
1467 2516 1588 2547 mecum
1612 2519 1747 2547 domum.

88 2603 127 2638 in
155 2591 310 2648 quorii’m
336 2599 462 2647 priore
488 2603 629 2634 tantum
657 2598 771 2640 abest,
798 2602 839 2632 ut
865 2598 966 2631 esse
991 2595 1121 2639 haec,
1150 2593 1251 2640 quod
1278 2594 1318 2628 fit
1345 2593 1381 2628 in
1409 2593 1614 2637 scansione,
1641 2592 1679 2627 in
1706 2592 1918 2628 trochaeum
1947 2590 2041 2639 (sive
2076 2591 2282 2638 spondeum

89 2674 225 2723 mavis)
253 2674 461 2711 coalescere
487 2673 661 2709 recitator
687 2670 808 2720 possit
833 2670 921 2718 pati,
948 2674 989 2705 ut
1016 2680 1097 2704 cum
1125 2667 1259 2704 dixerit
1288 2679 1403 2712 esse,
1433 2678 1528 2715 quae
1553 2678 1630 2702 vox
1656 2678 1731 2702 non
1758 2671 1881 2713 potest
1913 2676 1988 2701 non
2015 2676 2083 2712 pro
2106 2664 2284 2701 trochaeo

88 2751 137 2787 ad
160 2759 269 2785 aures
297 2748 473 2790 accidere,
499 2753 578 2781 tum
605 2756 724 2792 pausa
749 2744 846 2779 facta
867 2745 977 2778 haec
1005 2743 1136 2776 inierat
1163 2754 1238 2775 non
1265 2747 1305 2775 ut
1332 2742 1442 2775 arsim
1469 2741 1574 2787 pedis
1602 2740 1773 2786 proximi,
1800 2741 1866 2774 sed
1892 2745 1933 2774 ut
1956 2739 2125 2784 suppleat
2151 2738 2282 2772 thesim

86 2822 340 2870 praecedentis
366 2822 489 2866 pedis,
527 2821 580 2854 ita
606 2831 695 2853 vero
723 2819 911 2863 suppleat,
952 2823 992 2851 ut
1021 2818 1128 2851 simul
1156 2822 1310 2850 accentu
1337 2816 1458 2860 logico
1486 2815 1626 2849 intendi
1653 2825 1806 2849 necesse
1832 2815 1891 2848 sit.
1944 2814 1989 2848 In
2016 2814 2131 2849 altero
2159 2817 2283 2847 autem

87 2909 209 2941 versu,
236 2896 306 2932 etsi
331 2906 494 2943 persona
519 2899 681 2931 mutatur
704 2891 1023 2938 interpunctioque
1050 2889 1251 2933 intercedit,
1277 2894 1398 2925 tamen
1427 2888 1464 2924 in
1492 2888 1645 2924 eandem
1673 2887 1783 2925 arsim
1801 2893 1875 2925 tres
1889 2887 2022 2934 longae
2040 2885 2201 2933 syllabae
2218 2895 2286 2921 ro.v
2338 2906 2340 2908 >
